@book{9783423057677,
  Title = {SGB II Grundsicherung f√ºr Arbeitssuchende / SGB XII Sozialhilfe},
  Publisher = {DTV Deutscher Taschenbuch},
  Year = {2007},
  ISBN = {342305767X}
}

@inproceedings{rubenstein2012kilobot,
  title={Kilobot: A low cost scalable robot system for collective behaviors},
  author={Rubenstein, Michael and Ahler, Christian and Nagpal, Radhika},
  booktitle={Robotics and Automation (ICRA), 2012 IEEE International Conference on},
  pages={3293--3298},
  year={2012},
  organization={IEEE}
}

@article{juniorlow,
  title={A Low-Cost and Simple Arduino-Based Educational Robotics Kit},
  author={Junior, Luiz A and Neto, Osvaldo T and Hernandez, Marli F and Martins, Paulo S and Roger, Leonardo L and Guerra, F{\'a}tima A}
}

@article{candel2013plataforma,
  title={Plataforma docente para la ense{\~n}anza de las TIC, basada en la maqueta de un puente colgante},
  author={Candel Navas, Ricardo},
  year={2013}
}

@ARTICLE{1356096, 
author={Ruiz-del-Solar, J. and Aviles, R.}, 
journal={Education, IEEE Transactions on}, 
title={Robotics courses for children as a motivation tool: the Chilean experience}, 
year={2004}, 
month={Nov}, 
volume={47}, 
number={4}, 
pages={474-480}, 
keywords={control engineering education;educational courses;human factors;robots;teaching;Chilean experience;Department of Electrical Engineering;Santiago Chile;University of Chile;motivation tool;robotics courses;technological literacy;Artificial intelligence;Educational institutions;Educational robots;Educational technology;Guidelines;Helium;Intelligent sensors;Paper technology;Pediatrics;Robot sensing systems;65;BEAM;Biology, Electronics, Aesthetics and Mechanics;LEGO robotics;robotics as a motivation tool for children}, 
doi={10.1109/TE.2004.825063}, 
ISSN={0018-9359},}

@ARTICLE{1577016, 
author={Fiorini, P.}, 
journal={Robotics Automation Magazine, IEEE}, 
title={LEGO kits in the lab [robotics education]}, 
year={2005}, 
month={Dec}, 
volume={12}, 
number={4}, 
pages={5-}, 
keywords={control engineering education;design;educational aids;educational courses;robot kinematics;teaching;LEGO basic robotics kit;University of Verona;biologically inspired laboratories;kinematic analysis;mobile laboratories;robot prototypes;robotic design;robotics education;Biosensors;Educational institutions;Educational robots;Fabrication;Kinematics;Laboratories;Mobile robots;Robot sensing systems;Sensor systems;Standards development}, 
doi={10.1109/MRA.2005.1577016}, 
ISSN={1070-9932},}

@inproceedings{goldman2004using,
  title={Using educational robotics to engage inner-city students with technology},
  author={Goldman, Rachel and Eguchi, Amy and Sklar, Elizabeth},
  booktitle={Proceedings of the 6th international conference on Learning sciences},
  pages={214--221},
  year={2004},
  organization={International Society of the Learning Sciences}
}

@inproceedings{mondada2009puck,
  title={The e-puck, a robot designed for education in engineering},
  author={Mondada, Francesco and Bonani, Michael and Raemy, Xavier and Pugh, James and Cianci, Christopher and Klaptocz, Adam and Magnenat, St{\'e}phane and Zufferey, Jean-Christophe and Floreano, Dario and Martinoli, Alcherio},
  booktitle={Proceedings of the 9th conference on autonomous robot systems and competitions},
  volume={1},
  number={1},
  pages={59--65},
  year={2009}
}

@article{mclurkin2013using,
  title={Using multi-robot systems for engineering education: teaching and outreach with large numbers of an advanced, low-cost robot},
  author={McLurkin, James and Rykowski, Joshua and John, Meagan and Kaseman, Quillan and Lynch, Andrew J},
  journal={Education, IEEE Transactions on},
  volume={56},
  number={1},
  pages={24--33},
  year={2013},
  publisher={IEEE}
}

@incollection{mclurkin2013low,
  title={A low-cost multi-robot system for research, teaching, and outreach},
  author={McLurkin, James and Lynch, Andrew J and Rixner, Scott and Barr, Thomas W and Chou, Alvin and Foster, Kathleen and Bilstein, Siegfried},
  booktitle={Distributed Autonomous Robotic Systems},
  pages={597--609},
  year={2013},
  publisher={Springer}
}
