@book{SGBI,
  Title = {SGB II Grundsicherung für Arbeitssuchende / SGB XII Sozialhilfe},
  Publisher = {DTV Deutscher Taschenbuch},
  Year = {2007},
  ISBN = {342305767X}
}

@article{johnson2003children,
  title={Children, robotics, and education},
  author={Johnson, Jeffrey},
  journal={Artificial Life and Robotics},
  volume={7},
  number={1-2},
  pages={16--21},
  year={2003},
  publisher={Springer}
}

@inproceedings{rubenstein2012kilobot,
  title={Kilobot: A low cost scalable robot system for collective behaviors},
  author={Rubenstein, Michael and Ahler, Christian and Nagpal, Radhika},
  booktitle={Robotics and Automation (ICRA), 2012 IEEE International Conference on},
  pages={3293--3298},
  year={2012},
  organization={IEEE}
}

@article{juniorlow,
  title={A Low-Cost and Simple Arduino-Based Educational Robotics Kit},
  author={Junior, Luiz A and Neto, Osvaldo T and Hernandez, Marli F and Martins, Paulo S and Roger, Leonardo L and Guerra, F{\'a}tima A}
}

@article{candel2013plataforma,
  title={Plataforma docente para la ense{\~n}anza de las TIC, basada en la maqueta de un puente colgante},
  author={Candel Navas, Ricardo},
  year={2013}
}

@ARTICLE{1356096, 
author={Ruiz-del-Solar, J. and Aviles, R.}, 
journal={Education, IEEE Transactions on}, 
title={Robotics courses for children as a motivation tool: the Chilean experience}, 
year={2004}, 
month={Nov}, 
volume={47}, 
number={4}, 
pages={474-480}, 
keywords={control engineering education;educational courses;human factors;robots;teaching;Chilean experience;Department of Electrical Engineering;Santiago Chile;University of Chile;motivation tool;robotics courses;technological literacy;Artificial intelligence;Educational institutions;Educational robots;Educational technology;Guidelines;Helium;Intelligent sensors;Paper technology;Pediatrics;Robot sensing systems;65;BEAM;Biology, Electronics, Aesthetics and Mechanics;LEGO robotics;robotics as a motivation tool for children}, 
doi={10.1109/TE.2004.825063}, 
ISSN={0018-9359},}

@ARTICLE{1577016, 
author={Fiorini, P.}, 
journal={Robotics Automation Magazine, IEEE}, 
title={LEGO kits in the lab [robotics education]}, 
year={2005}, 
month={Dec}, 
volume={12}, 
number={4}, 
pages={5-}, 
keywords={control engineering education;design;educational aids;educational courses;robot kinematics;teaching;LEGO basic robotics kit;University of Verona;biologically inspired laboratories;kinematic analysis;mobile laboratories;robot prototypes;robotic design;robotics education;Biosensors;Educational institutions;Educational robots;Fabrication;Kinematics;Laboratories;Mobile robots;Robot sensing systems;Sensor systems;Standards development}, 
doi={10.1109/MRA.2005.1577016}, 
ISSN={1070-9932},}

@inproceedings{goldman2004using,
  title={Using educational robotics to engage inner-city students with technology},
  author={Goldman, Rachel and Eguchi, Amy and Sklar, Elizabeth},
  booktitle={Proceedings of the 6th international conference on Learning sciences},
  pages={214--221},
  year={2004},
  organization={International Society of the Learning Sciences}
}

@inproceedings{mondada2009puck,
  title={The e-puck, a robot designed for education in engineering},
  author={Mondada, Francesco and Bonani, Michael and Raemy, Xavier and Pugh, James and Cianci, Christopher and Klaptocz, Adam and Magnenat, St{\'e}phane and Zufferey, Jean-Christophe and Floreano, Dario and Martinoli, Alcherio},
  booktitle={Proceedings of the 9th conference on autonomous robot systems and competitions},
  volume={1},
  number={1},
  pages={59--65},
  year={2009}
}

@article{mclurkin2013using,
  title={Using multi-robot systems for engineering education: teaching and outreach with large numbers of an advanced, low-cost robot},
  author={McLurkin, James and Rykowski, Joshua and John, Meagan and Kaseman, Quillan and Lynch, Andrew J},
  journal={Education, IEEE Transactions on},
  volume={56},
  number={1},
  pages={24--33},
  year={2013},
  publisher={IEEE}
}

@incollection{mclurkin2013low,
  title={A low-cost multi-robot system for research, teaching, and outreach},
  author={McLurkin, James and Lynch, Andrew J and Rixner, Scott and Barr, Thomas W and Chou, Alvin and Foster, Kathleen and Bilstein, Siegfried},
  booktitle={Distributed Autonomous Robotic Systems},
  pages={597--609},
  year={2013},
  publisher={Springer}
}

@inproceedings{tick2006modelling,
  title={„Modelling Control Systems by Autonomous Mini Robot”},
  author={Tick, J{\'o}zsef},
  booktitle={Proceedings of the 3 rd Romanian--Hungarian Joint Symposium on Applied Computational Intelligence},
  pages={25--26},
  year={2006}
}

@incollection{eigner2012mechatronik,
  title={Mechatronik am Beispiel des ASURO},
  author={Eigner, Martin and Gerhardt, Florian and Gilz, Torsten and Nem, Fabrice Mogo},
  booktitle={Informationstechnologie f{\"u}r Ingenieure},
  pages={239--252},
  year={2012},
  publisher={Springer}
}
#lego wide use
@inproceedings{ranganathan2008use,
  title={Use of LEGO NXT Mindstorms brick in engineering education},
  author={Ranganathan, Prakash and Schultz, Richard and Mardani, Mojdeh},
  booktitle={Proceedings of the 2008 ASEE North Midwest Sectional Conference},
  pages={17--19},
  year={2008}
}
#thymio
@incollection{riedo2012two,
  title={A two years informal learning experience using the thymio robot},
  author={Riedo, Fanny and R{\'e}tornaz, Philippe and Bergeron, Luc and Nyffeler, Nathalie and Mondada, Francesco},
  booktitle={Advances in Autonomous Mini Robots},
  pages={37--48},
  year={2012},
  publisher={Springer}
}

@article{mubin1review,
  title={A review of the applicability of robots in education},
  author={Mubin, Omar and Stevens, Catherine J and Shahid, Suleman and Al Mahmud, Abdullah and Dong, Jian-Jie},
  journal={Journal of Technology in Education and Learning},
  volume={1}
}
#lego and thymio II
@inproceedings{riedo2013thymio,
  title={Thymio II, a robot that grows wiser with children},
  author={Riedo, Fanny and Chevalier, Morgane and Magnenat, Stephane and Mondada, Francesco},
  booktitle={Advanced Robotics and its Social Impacts (ARSO), 2013 IEEE Workshop on},
  pages={187--193},
  year={2013},
  organization={IEEE}
}

@book{horowitz1989art,
  title={The art of electronics},
  author={Horowitz, Paul and Hill, Winfield and Hayes, Thomas C},
  volume={2},
  year={1989},
  publisher={Cambridge university press Cambridge}
}
